<record><leader>00000cas a22000007a 4500</leader><controlfield tag="001">14288950</controlfield><controlfield tag="008">861001d18601860lauir ne      0    0eng d</controlfield><datafield ind1=" " ind2=" " tag="010"><subfield code="a">sn 86053739 </subfield></datafield><datafield ind1=" " ind2=" " tag="040"><subfield code="a">NPX</subfield><subfield code="b">eng</subfield><subfield code="c">NPX</subfield><subfield code="d">LNP</subfield><subfield code="d">OCLCG</subfield><subfield code="d">LNP</subfield><subfield code="d">OCLCG</subfield><subfield code="d">OCLCQ</subfield><subfield code="d">OCLCA</subfield><subfield code="d">OCLCF</subfield><subfield code="d">OCLCO</subfield><subfield code="d">OCLCA</subfield><subfield code="d">OCL</subfield></datafield><datafield ind1=" " ind2=" " tag="042"><subfield code="a">msc</subfield></datafield><datafield ind1=" " ind2=" " tag="043"><subfield code="a">n-us-la</subfield></datafield><datafield ind1="0" ind2="4" tag="245"><subfield code="a">The Louisiana signal.</subfield></datafield><datafield ind1=" " ind2=" " tag="260"><subfield code="a">New Orleans, La. :</subfield><subfield code="b">[s.n.],</subfield><subfield code="c">1860.</subfield></datafield><datafield ind1=" " ind2=" " tag="300"><subfield code="a">v.</subfield></datafield><datafield ind1=" " ind2=" " tag="310"><subfield code="a">Triweekly</subfield></datafield><datafield ind1="0" ind2=" " tag="362"><subfield code="a">No. 1 (Aug. 29, 1860)-</subfield></datafield><datafield ind1="1" ind2=" " tag="362"><subfield code="a">Ceased with Nov. 5, 1860 issue?</subfield><subfield code="z">Cf. McMullan, T.N. La. newspapers 1794-1961.</subfield></datafield><datafield ind1=" " ind2=" " tag="500"><subfield code="a">Campaign paper supporting John Bell for president and Edward Everett for vice-president.</subfield></datafield><datafield ind1=" " ind2=" " tag="500"><subfield code="a">"Published by the authority of the National Executive Committee of the Union Party of Louisiana."</subfield></datafield><datafield ind1="1" ind2="0" tag="600"><subfield code="a">Bell, John,</subfield><subfield code="d">1796-1869.</subfield></datafield><datafield ind1="1" ind2="0" tag="600"><subfield code="a">Everett, Edward,</subfield><subfield code="d">1794-1865.</subfield></datafield><datafield ind1=" " ind2="0" tag="651"><subfield code="a">New Orleans (La.)</subfield><subfield code="v">Newspapers.</subfield></datafield><datafield ind1="1" ind2="7" tag="600"><subfield code="a">Bell, John,</subfield><subfield code="d">1797-1869.</subfield><subfield code="2">fast</subfield><subfield code="0">(OCoLC)fst00230523</subfield></datafield><datafield ind1="1" ind2="7" tag="600"><subfield code="a">Everett, Edward,</subfield><subfield code="d">1794-1865.</subfield><subfield code="2">fast</subfield><subfield code="0">(OCoLC)fst00168104</subfield></datafield><datafield ind1=" " ind2="7" tag="651"><subfield code="a">Louisiana</subfield><subfield code="z">New Orleans.</subfield><subfield code="2">fast</subfield><subfield code="0">(OCoLC)fst01204311</subfield></datafield><datafield ind1=" " ind2="7" tag="655"><subfield code="a">Newspapers.</subfield><subfield code="2">fast</subfield><subfield code="0">(OCoLC)fst01423814</subfield></datafield><datafield ind1="2" ind2=" " tag="710"><subfield code="a">Constitutional Union Party (La.)</subfield></datafield><datafield ind1=" " ind2=" " tag="752"><subfield code="a">United States</subfield><subfield code="b">Louisiana</subfield><subfield code="c">Orleans</subfield><subfield code="d">New Orleans.</subfield></datafield><datafield ind1="1" ind2=" " tag="029"><subfield code="a">AU@</subfield><subfield code="b">000025794291</subfield></datafield></record>